@article{Memon2008,
    author    = "Anandabrata Pal and Husrev T. Sencar and Nasir Memon",
    title     = "Detecting File Fragmentation Point Using Sequential Hypothesis Testing",
    journal   = "Digital Investigation",
    year      = "2008",
    number    = "5",
    pages     = "S2--S13"
}

@article{Meshram2012,
    author    = "Sameer H. Mahant and B.B.Meshram",
    title     = "{NTFS} Deleted Files Recovery: Forensics View",
    year      = "2012",
    journal   = "IRACST - International Journal of Computer Science and Information Technology and Security (IJCSITS)",
    volume    = "2",
    number    = "3",
    pages     = "491--497",
    month     = "Junho"
}

@article{Garfinkel2007,
    author    = "Simson Garfinkel",
    title     = "Carving contiguous and fragmented files with fast object validation",
    year      = "2007",
    journal   = "Digital Investigation",
    number    = "4S",
    pages     = "S2--S12"
}

@mastersthesis{Kloet2007,
    author    = "S.J.J. Kloet",
    title     = "Measuring and Improving the Quality of File Carving Methods",
    school    = "Eindhoven University of Technology",
    year      = "2007",
    month     = "Outubro"
}

@mastersthesis{Svensson2005,
    author    = "Anders Svensson",
    title     = "Computer Forensics Applied to Windows NTFS Computers",
    school    = "Royal Institute of Technology of Stockholm's University",
    year      = "2005",
    month     = "Abril"
}

@www{CeticBR2012,
    author    = "{IBOPE}",
    title     = "Painel {IBOPE}/NetRatings",
    year      = "2012",
    publisher = "cetic.br",
    url       = {http://www.cetic.br/usuarios/ibope/w-tab02-01-cons.htm}
}

@www{CyberCitizen2012,
    author    = "CyberCitizen",
    title     = "What is Cyber Crime?",
    year      = "2012",
    publisher = "cybercitizenship",
    url       = {http://www.cybercitizenship.org/crime/crime.html}
}

@www{WikiBytes2012,
    author    = "Wikipédia",
    title     = "Byte",
    year      = "2012",
    publisher = "Wikipédia",
    url       = {http://pt.wikipedia.org/wiki/Bytes}
}

@www{PngFileFormat2013,
    author    = "FileFormat",
    title     = "The {PNG} Image File Format",
    year      = "2013",
    publisher = "",
    url       = {http://www.fileformat.info/format/png/corion.htm}
}

@book{Carrier2005,
    author    = "Brian Carrier",
    title     = "File System Forensic Analysis",
    publisher = "Addison Wesley Professional",
    year      = "2005",
    month     = "Março"
}

@book{Caloyannides2004,
   author     = "Michael A. Caloyannides",
   title      = "Privacy Protection and Computer Forensics",
   publisher  = "Artech House",
   edition    = "2",
   year       = "2004",
   pages      = "335"
}

@article{Wyman2012,
    author    = "Bill Wyman and Walt Scrivens and Phil Hoffman and Lance Spitzner",
    title     = "Metadados",
    year      = "2012",
    journal   = "{OUCH!}",
    volume    = "",
    number    = "",
    pages     = "",
    month     = ""
}

@article{Hand2012,
    author    = "Scott Hand and Zhiqiang Lin and Guofei Gu and Bhavani Thuraisingham",
    title     = "Bin-Carver: Automatic Recovery of Binary Executable Files",
    year      = "2012",
    journal   = "Digital Investigation",
    volume    = "9",
    number    = "",
    pages     = "S108--S117",
    month     = ""
}

@www{WikiEFS2013,
    author    = "Wikipédia",
    title     = "Encrypting File System",
    year      = "2013",
    url       = {http://en.wikipedia.org/wiki/Encrypting\_File\_System}
}

@www{Ramanan2013,
    author    = "Ramanan",
    title     = "Undelete a file in {NTFS}",
    year      = "2013",
    publisher = "CodeProject",
    url       = {http://www.codeproject.com/Articles/9293/Undelete-a-file-in-NTFS}
}

@www{FileSignatures2013,
    author    = "Free Online File Signatures Database",
    title     = "File Signatures",
    year      = "2013",
    url       = {http://filesignatures.net/index.php?page=all}
}

@article{DataRecovery2010,
    author    = "Data Recovery Systems",
    title     = "How File Recovery Works",
    year      = "2010",
    pages     = "10",
    volume    = "",
    number    = "",
    month     = ""
}

@article{Zhulyn2012,
    author    = "Simran Fitzgerald and George Mathews and Colin Morris and Oles Zhulyn",
    title     = "Using {NLP} techniques for file fragment classification",
    year      = "2012",
    journal   = "Digital Investigation",
    volume    = "9",
    number    = "",
    pages     = "S44-S49",
    month     = ""
}

@conference{Cohen2007,
    author    = "Michael Cohen",
    title     = "Advanced Carving Techniques",
    booktitle = "{DFRWS}",
    year      = "2007",
    pages     = "32"
}

@conference{Suganthan2010,
    author    = "Qiming Li and Alvin Y. Ong and Ponnuthurai N. Suganthan and Vrizlynn L. L. Thing",
    title     = "A Novel Support Vector Machine Approach to High Entropy Data Fragment Classification",
    booktitle = "Proceedings of the South African Information Security",
    pages     = "236--247",
    year      = "2010"
}

@mastersthesis{Machta1999,
    author    = "J. Machta",
    title     = "Entropy, information, and computation",
    school    = "University of Massachusetts",
    year      = "1999",
    month     = "5",
    address   = "Amherst, Massachusetts 01003-3720"
}